<?xml version="1.0" encoding="UTF-8"?><collection xmlns="http://www.loc.gov/MARC21/slim"><record><leader>00381nam--2200133-i-4500</leader><controlfield tag="001">000031876</controlfield><controlfield tag="002">20161230</controlfield><controlfield tag="005">20161230201038</controlfield><controlfield tag="008">060222s1000------------r-----000-0-eng-d</controlfield><datafield ind1=" " ind2=" " tag="080"><subfield code="a">543.271</subfield></datafield><datafield ind1=" " ind2=" " tag="100"><subfield code="a">Max, Solomon</subfield></datafield><datafield ind1=" " ind2=" " tag="245"><subfield code="a">Analizatoare industriale. vol.2: ph-metre, conductometre si viscozimetre</subfield></datafield><datafield ind1=" " ind2=" " tag="260"><subfield code="a">Bucuresti, Inst.Central De Docum.Tehnica, 1969, 86p</subfield></datafield><datafield ind1=" " ind2=" " tag="852"><subfield code="a">76107</subfield></datafield></record></collection>